{
  "leader": "03506cam a2200505 i 4500",
  "fields": [
    {
      "001": "ocm06695257\\"
    },
    {
      "003": "OCoLC"
    },
    {
      "005": "20221229153538.0"
    },
    {
      "008": "800825s1980\\\\\\\\nyu\\\\\\\\\\\\\\\\\\\\\\001\\0aeng\\\\"
    },
    {
      "010": {
        "ind1": "\\",
        "ind2": "\\",
        "subfields": [
          {
            "a": "   80052039 "
          }
        ]
      }
    },
    {
      "040": {
        "ind1": "\\",
        "ind2": "\\",
        "subfields": [
          {
            "a": "DLC"
          },
          {
            "b": "eng"
          },
          {
            "c": "DLC"
          },
          {
            "d": "BAKER"
          },
          {
            "d": "BTCTA"
          },
          {
            "d": "YDXCP"
          },
          {
            "d": "NIALS"
          },
          {
            "d": "OCLCO"
          },
          {
            "d": "PBE"
          },
          {
            "d": "OCLCQ"
          },
          {
            "d": "OCLCO"
          },
          {
            "d": "OCLCF"
          },
          {
            "d": "DHA"
          },
          {
            "d": "OCLCQ"
          },
          {
            "d": "TYC"
          },
          {
            "d": "ALMSI"
          },
          {
            "d": "OCLCQ"
          },
          {
            "d": "JDP"
          },
          {
            "d": "OCLCO"
          },
          {
            "d": "OCL"
          },
          {
            "d": "CPO"
          },
          {
            "d": "OCLCO"
          },
          {
            "d": "XFF"
          },
          {
            "d": "CNMTR"
          },
          {
            "d": "OCL"
          },
          {
            "d": "OCLCO"
          },
          {
            "d": "OCLCA"
          },
          {
            "d": "OCLCQ"
          },
          {
            "d": "OCLCO"
          },
          {
            "d": "OCLCQ"
          },
          {
            "d": "SAB"
          },
          {
            "d": "OCLCQ"
          },
          {
            "d": "WAU"
          },
          {
            "d": "JTH"
          },
          {
            "d": "UKMGB"
          },
          {
            "d": "OCLCO"
          },
          {
            "d": "J9U"
          }
        ]
      }
    },
    {
      "016": {
        "ind1": "7",
        "ind2": "\\",
        "subfields": [
          {
            "a": "011026294"
          },
          {
            "2": "Uk"
          }
        ]
      }
    },
    {
      "019": {
        "ind1": "\\",
        "ind2": "\\",
        "subfields": [
          {
            "a": "8986923"
          },
          {
            "a": "1006436981"
          },
          {
            "a": "1166461075"
          },
          {
            "a": "1166518759"
          },
          {
            "a": "1201951270"
          },
          {
            "a": "1222881160"
          },
          {
            "a": "1277095635"
          }
        ]
      }
    },
    {
      "020": {
        "ind1": "\\",
        "ind2": "\\",
        "subfields": [
          {
            "a": "0812827554"
          }
        ]
      }
    },
    {
      "020": {
        "ind1": "\\",
        "ind2": "\\",
        "subfields": [
          {
            "a": "9780812827552"
          }
        ]
      }
    },
    {
      "020": {
        "ind1": "\\",
        "ind2": "\\",
        "subfields": [
          {
            "z": "0812827555"
          }
        ]
      }
    },
    {
      "035": {
        "ind1": "\\",
        "ind2": "\\",
        "subfields": [
          {
            "a": "(OCoLC)6695257"
          },
          {
            "z": "(OCoLC)8986923"
          },
          {
            "z": "(OCoLC)1006436981"
          },
          {
            "z": "(OCoLC)1166461075"
          },
          {
            "z": "(OCoLC)1166518759"
          },
          {
            "z": "(OCoLC)1201951270"
          },
          {
            "z": "(OCoLC)1222881160"
          },
          {
            "z": "(OCoLC)1277095635"
          }
        ]
      }
    },
    {
      "041": {
        "ind1": "1",
        "ind2": "\\",
        "subfields": [
          {
            "a": "eng"
          },
          {
            "h": "fre"
          },
          {
            "h": "per"
          }
        ]
      }
    },
    {
      "043": {
        "ind1": "\\",
        "ind2": "\\",
        "subfields": [
          {
            "a": "a-ir---"
          }
        ]
      }
    },
    {
      "050": {
        "ind1": "\\",
        "ind2": "4",
        "subfields": [
          {
            "a": "DS318"
          },
          {
            "b": ".M64 1980"
          }
        ]
      }
    },
    {
      "082": {
        "ind1": "0",
        "ind2": "4",
        "subfields": [
          {
            "a": "955.0530924"
          },
          {
            "b": "MOH"
          }
        ]
      }
    },
    {
      "100": {
        "ind1": "0",
        "ind2": "\\",
        "subfields": [
          {
            "a": "Mohammad Reza Pahlavi,"
          },
          {
            "c": "Shah of Iran,"
          },
          {
            "d": "1919-1980."
          }
        ]
      }
    },
    {
      "240": {
        "ind1": "1",
        "ind2": "0",
        "subfields": [
          {
            "a": "Pa\u0304su\u0304kh bih ta\u0304ri\u0304kh."
          },
          {
            "l": "English"
          }
        ]
      }
    },
    {
      "245": {
        "ind1": "1",
        "ind2": "0",
        "subfields": [
          {
            "a": "Answer to history /"
          },
          {
            "c": "Mohammad Reza Pahlavi ; [translation, Michael Joseph Ltd.]."
          }
        ]
      }
    },
    {
      "260": {
        "ind1": "\\",
        "ind2": "\\",
        "subfields": [
          {
            "a": "New York :"
          },
          {
            "b": "Stein and Day,"
          },
          {
            "c": "1980."
          }
        ]
      }
    },
    {
      "300": {
        "ind1": "\\",
        "ind2": "\\",
        "subfields": [
          {
            "a": "204 pages ;"
          },
          {
            "c": "24 cm"
          }
        ]
      }
    },
    {
      "336": {
        "ind1": "\\",
        "ind2": "\\",
        "subfields": [
          {
            "a": "text"
          },
          {
            "b": "txt"
          },
          {
            "2": "rdacontent"
          }
        ]
      }
    },
    {
      "337": {
        "ind1": "\\",
        "ind2": "\\",
        "subfields": [
          {
            "a": "unmediated"
          },
          {
            "b": "n"
          },
          {
            "2": "rdamedia"
          }
        ]
      }
    },
    {
      "338": {
        "ind1": "\\",
        "ind2": "\\",
        "subfields": [
          {
            "a": "volume"
          },
          {
            "b": "nc"
          },
          {
            "2": "rdacarrier"
          }
        ]
      }
    },
    {
      "386": {
        "ind1": "\\",
        "ind2": "\\",
        "subfields": [
          {
            "a": "Iranians"
          },
          {
            "2": "lcdgt"
          }
        ]
      }
    },
    {
      "500": {
        "ind1": "\\",
        "ind2": "\\",
        "subfields": [
          {
            "a": "\"It is my intention that the American version of Answer to history be the definitive text.\"--Author's note, t.p. verso."
          }
        ]
      }
    },
    {
      "500": {
        "ind1": "\\",
        "ind2": "\\",
        "subfields": [
          {
            "a": "Includes index."
          }
        ]
      }
    },
    {
      "520": {
        "ind1": "\\",
        "ind2": "\\",
        "subfields": [
          {
            "a": "The final draft of Answer to History was completed by the Shah just days before he died on July 27, 1980. Completing it was, in the Shah's words, \"a race against time.\" In it, he shows how the United States, once the most powerful country on earth, found itself hostage to the whims of Iran, a land few Americans knew much about. In telling his own story, the Shah shows clearly that Iran has become a battleground between the U.S. and the Soviet Union, which for over half a century has pursued goals with increasing success. In the \"slide into chaos\" precipitated by the Khomeini regime, the Shah saw the ultimate beneficiary being the U.S.S. R., which will reach the apogee of its strength no later than 1983, with the West facing \"a decade of harrowing danger.\" Answer to History begins with what really happened during the Shah's period of exile in the Bahamas, Mexico, the U.S., Panama, and finally Egypt. It goes on to cover all of the momentous experiences of the Shah's reign, a book full of heroes and villains, with many surprises for the American reader as to who the villains really were and are. In his Answer to History he reveals the forces that betrayed him, and left the U.S. without an economically and militarily strong ally in a critical part of the world. --- excerpts from book's dustjacket."
          }
        ]
      }
    },
    {
      "540": {
        "ind1": "\\",
        "ind2": "\\",
        "subfields": [
          {
            "a": "Current Copyright Fee: GBP17.60"
          },
          {
            "c": "0."
          },
          {
            "5": "Uk"
          }
        ]
      }
    },
    {
      "600": {
        "ind1": "0",
        "ind2": "0",
        "subfields": [
          {
            "a": "Mohammad Reza Pahlavi,"
          },
          {
            "c": "Shah of Iran,"
          },
          {
            "d": "1919-1980."
          }
        ]
      }
    },
    {
      "651": {
        "ind1": "\\",
        "ind2": "0",
        "subfields": [
          {
            "a": "Iran"
          },
          {
            "x": "Kings and rulers"
          },
          {
            "v": "Biography."
          }
        ]
      }
    },
    {
      "600": {
        "ind1": "0",
        "ind2": "7",
        "subfields": [
          {
            "a": "Mohammad Reza Pahlavi,"
          },
          {
            "c": "Shah of Iran,"
          },
          {
            "d": "1919-1980."
          },
          {
            "2": "fast"
          },
          {
            "0": "(OCoLC)fst01716942"
          }
        ]
      }
    },
    {
      "650": {
        "ind1": "\\",
        "ind2": "7",
        "subfields": [
          {
            "a": "Kings and rulers."
          },
          {
            "2": "fast"
          },
          {
            "0": "(OCoLC)fst00987694"
          }
        ]
      }
    },
    {
      "651": {
        "ind1": "\\",
        "ind2": "7",
        "subfields": [
          {
            "a": "Iran."
          },
          {
            "2": "fast"
          },
          {
            "0": "(OCoLC)fst01204889"
          }
        ]
      }
    },
    {
      "655": {
        "ind1": "\\",
        "ind2": "7",
        "subfields": [
          {
            "a": "Autobiographies."
          },
          {
            "2": "fast"
          },
          {
            "0": "(OCoLC)fst01919894"
          }
        ]
      }
    },
    {
      "655": {
        "ind1": "\\",
        "ind2": "7",
        "subfields": [
          {
            "a": "Biographies."
          },
          {
            "2": "fast"
          },
          {
            "0": "(OCoLC)fst01919896"
          }
        ]
      }
    },
    {
      "655": {
        "ind1": "\\",
        "ind2": "7",
        "subfields": [
          {
            "a": "Autobiographies."
          },
          {
            "2": "lcgft"
          }
        ]
      }
    },
    {
      "994": {
        "ind1": "\\",
        "ind2": "\\",
        "subfields": [
          {
            "a": "Z0"
          },
          {
            "b": "NYRVC"
          }
        ]
      }
    },
    {
      "948": {
        "ind1": "\\",
        "ind2": "\\",
        "subfields": [
          {
            "h": "NO HOLDINGS IN NYRVC - 1141 OTHER HOLDINGS"
          }
        ]
      }
    },
    {
      "999": {
        "ind1": "\\",
        "ind2": "\\",
        "subfields": [
          {
            "a": "00000000018040"
          }
        ]
      }
    }
  ]
}